@article{alphastar,
    author={{AlphaStar Team, DeepMind}},
    shortauthor = {{AlphaStar Team}},
    year={2019},
    title={Grandmaster level in StarCraft II using multi-agent reinforcement learning},
    publisher = {Nature}, 
    issn = {1476-4687},
    pages = {350-354},
    doi = {10.1038/s41586-019-1724-z },
    %url = {https://www.nature.com/articles/s41586-019-1724-z},
}
@article{dasdas,
    author={Andrew W. Senior and Richard Evans and John Jumper},
    year={2020},
    title={Improved protein structure prediction using potentials from deep learning},
    publisher = {Nature},
    pages = {706–710},
    doi = {10.1038/s41586-019-1923-7},
    %url = {https://www.nature.com/articles/s41586-019-1724-z},
}
@book{artifical,
    author={ Stuart J. Russell and  Peter Norvig},
    year={2009},
    title={Artificial Intelligence: A Modern Approach},
    edition={3},
    publisher = {Pearson Education, Inc., Upper Saddle River, New Jersey: Prentice Hall},   
    isbn = {9780136042594},  
}
@book{taylorbook,
    author={Michael Taylor},
    year={2017},
    title={Make Your Own Neural Network},
    publisher = {Amazon Digital Services LLC - Kdp Print Us},   
    isbn = {9781549869136},  
}
@article{DREISEITL2002352,
    title = {Logistic regression and artificial neural network classification models: a methodology review},
    journal = {Journal of Biomedical Informatics},
    volume = {35},
    number = {5},
    pages = {352-359},
    year = {2002},
    issn = {1532-0464},
    doi = {10.1016/S1532-0464(03)00034-0},
    %url = {https://www.sciencedirect.com/science/article/pii/S1532046403000340},
    author = {Stephan Dreiseitl and Lucila Ohno-Machado},
}
@online{deepmindchild,
  author = {David Barrett and Samuel Ritter},
  title = {Interpreting Deep Neural Networks using Cognitive Psychology},
  year = {2017},
  url = {https://deepmind.com/blog/article/cognitive-psychology},
  urldate = {2021-02-19}
}
@online{deepmindfold,
  author = {{AlphaFold team, DeepMind}},
  shortauthor = {{AlphaFold team}},
  title = {AlphaFold: a solution to a 50-year-old grand challenge in biology},
  year = {2020},
  url = {https://deepmind.com/blog/article/alphafold-a-solution-to-a-50-year-old-grand-challenge-in-biology},
  urldate = {2021-04-01}
}
@Inbook{bio,
    author = {Zou, Jinming and Han, Yi and So, Sung-Sau},
    year = {2009},
    month = {01},
    pages = {14-22},
    title = {Overview of Artificial Neural Networks},
    volume = {458},
    isbn = {978-1-58829-718-1},
    journal = {Methods in molecular biology (Clifton, N.J.)},
    doi = {10.1007/978-1-60327-101-1_2}
}
@article{MCEWEN20188,
    title = {Redefining neuroendocrinology: Epigenetics of brain-body communication over the life course},
    journal = {Frontiers in Neuroendocrinology},
    volume = {49},
    pages = {8-30},
    year = {2018},
    note = {Stress and the Brain},
    issn = {0091-3022},
    doi = {10.1016/j.yfrne.2017.11.001},
    %url = {https://www.sciencedirect.com/science/article/pii/S0091302217300687},
    author = {Bruce S. McEwen},
}
@inproceedings{inproceedings,
    author = {Korde, P.S. and Khanale, P.B.},
    year = {2011},
    pages = {581-586},
    title = {Recursive storage cache memory for matrix multiplication},
    isbn = {978-1-4244-9478-1},
    doi = {10.1109/RAICS.2011.6069378}
}
@inbook{inbook,
    author = {Gallo, Crescenzio},
    year = {2015},
    pages = {},
    title = {Artificial Neural Networks: tutorial},
    isbn = {9781466658882},
    edition={3},
    editor = {Mehdi Khosrow-Pour},
    booktitle = {Encyclopedia of Information Science and Technology},
    publisher = {IGI Global},
}
@incollection{LIU2020283,
    title = {Chapter 7 - Rail transit channel robot systems},
    editor = {Hui Liu},
    booktitle = {Robot Systems for Rail Transit Applications},
    publisher = {Elsevier},
    pages = {283-328},
    year = {2020},
    isbn = {978-0-12-822968-2},
    doi = {10.1016/B978-0-12-822968-2.00007-3},
    author = {Hui Liu},
}
@article{parallel,
    author = {Huang, Zhibin and Ma, Ning and Wang, Shaojun and Peng, Yu},
    year = {2019},
    pages = {1},
    title = {GPU computing performance analysis on matrix multiplication},
    volume = {2019},
    journal = {The Journal of Engineering},
    doi = {10.1049/joe.2018.9178}
}
@book{mainbook,
    author={Christopher M. Bishop},
    title={Neural Networks for Pattern Recognition},
    year={1996},
    pages = {77-99},
    publisher = {Oxford University Press, USA},   
    isbn = {978-0198538646},  
}
@misc{higham2018deep,
    title={Deep Learning: An Introduction for Applied Mathematicians}, 
    author={Catherine F. Higham and Desmond J. Higham},
    year={2018},
    eprint={1801.05894},
    archivePrefix={arXiv},
    primaryClass={math.HO}
}
@inproceedings{arc,
    author = {Yu, Hao and Xie, Tiantian and Hamilton, Michael and Wilamowski, Bogdan},
    year = {2011},
    %month = {06},
    pages = {98 - 103},
    title = {Comparison of different neural network architectures for digit image recognition},
    journal = {4th International Conference on Human System Interaction, HSI 2011},
    doi = {10.1109/HSI.2011.5937350}
}
@article{sum8789696,  
    author={Sum, John and Leung, Chi-Sing and Ho, Kevin},  
    journal={IEEE Transactions on Neural Networks and Learning Systems},   
    title={A Limitation of Gradient Descent Learning},   
    year={2020},  
    volume={31},  
    number={6},  
    pages={2227-2232},  
    doi={10.1109/TNNLS.2019.2927689}
}
@online{Herman2021Chain,
    title={{The Chain Rule for Multivariable Functions}},
    url={https://chem.libretexts.org/@go/page/2604},
    author={Herman, Gilbert Strang and Edwin Jed},
    year = 2021,
    urldate = {2021-03-29}
}
@book{converge,
    author={Yu. Nesterov},
    title={Introductory Lectures on Convex Programming},
    year={2003},
    edition = {2004},
    publisher = {Springer Publishing Company, Incorporated},   
    isbn = {978-1402075537},  
}

@article{PIETILA2012987,
    title = {Intelligent systems approaches to product sound quality evaluations – A review},
    journal = {Applied Acoustics},
    volume = {73},
    number = {10},
    pages = {987-1002},
    year = {2012},
    issn = {0003-682X},
    doi = {10.1016/j.apacoust.2012.04.012},
    %url = {https://www.sciencedirect.com/science/article/pii/S0003682X12001016},
    author = {Glenn Pietila and Teik C. Lim},
}
@article{Zhanggradient,
    author = {Jiawei, Zhang},
    year = {2019},
    %month = {03},
    pages = {8},
    title = {Gradient Descent based Optimization Algorithms for Deep Learning Models Training},
    eprint={1903.03614},
    archivePrefix={arXiv},
}
@misc{wu2019demystifying,
    title={Demystifying Learning Rate Policies for High Accuracy Training of Deep Neural Networks}, 
    author={Yanzhao Wu and Ling Liu and Juhyun Bae and Ka-Ho Chow and Arun Iyengar and Calton Pu and Wenqi Wei and Lei Yu and Qi Zhang},
    year={2019},
    eprint={1908.06477},
    archivePrefix={arXiv},
    primaryClass={cs.LG}
}

@book{intro,
    author={Kevin Gurney},
    title={An Introduction to Neural Networks},
    year={2018},
    publisher = {CRC Press, United States},   
    isbn = {978-1482286991},  
}

@book{Goodfellow-et-al-2016,
    title={Deep Learning},
    author={Ian Goodfellow and Yoshua Bengio and Aaron Courville},
    publisher={MIT Press},
    note={\url{http://www.deeplearningbook.org}},
    year={2016}
}
@INPROCEEDINGS{298667,
  author={Cetin, B.C. and Burdick, J.W. and Barhen, J.},
  booktitle={IEEE International Conference on Neural Networks}, 
  title={Global descent replaces gradient descent to avoid local minima problem in learning with artificial neural networks}, 
  year={1993},
  pages={836-842 vol.2},
  doi={10.1109/ICNN.1993.298667}
}
